%% This BibTeX bibliography file was created using BibDesk.
%% http://bibdesk.sourceforge.net/

%% Created for SÃ©bastien Ohleyer at 2017-02-23 17:37:23 +0100 


%% Saved with string encoding Unicode (UTF-8) 
@inproceedings{maggiori2017dataset,
  title={Can Semantic Labeling Methods Generalize to Any City? The Inria Aerial Image Labeling Benchmark},
  author={Maggiori, Emmanuel and Tarabalka, Yuliya and Charpiat, Guillaume and Alliez, Pierre},
  booktitle={IEEE International Geoscience and Remote Sensing Symposium (IGARSS)},
  year={2017},
  organization={IEEE},
  url={https://project.inria.fr/aerialimagelabeling/}
}

@article{sabour2017dynamic,
  title={Dynamic Routing Between Capsules},
  author={Sabour, Sara and Frosst, Nicholas and Hinton, Geoffrey E},
  journal={arXiv preprint arXiv:1710.09829},
  year={2017}
}

@article{he2017mask,
  title={Mask r-cnn},
  author={He, Kaiming and Gkioxari, Georgia and Doll{\'a}r, Piotr and Girshick, Ross},
  journal={arXiv preprint arXiv:1703.06870},
  year={2017}
}