%% This BibTeX bibliography file was created using BibDesk.
%% http://bibdesk.sourceforge.net/

%% Created for Sébastien Ohleyer at 2017-02-23 17:37:23 +0100 


%% Saved with string encoding Unicode (UTF-8) 
@article{jurafsky2000speech,
  title={Speech and Language Processing: An Introduction to Natural Language Processing, Computational Linguistics, and Speech Recognition},
  author={Jurafsky, Daniel and Martin, James H},
  year={2000},
  publisher={Prentice Hall PTR}
}

@misc{aetilleyGitHub,
  title = "{A Python pcfg object that consumes tree-banks in order to be trained and parses raw text into the same tree format}",
  howpublished = {\url{https://github.com/aetilley/pcfg}},
  author={aetilley}
}

@misc{collinspcfg,
  title={Probabilistic Context-Free Grammars (PCFGs)},
  author={Collins, Michael},
  howpublished = {\url{http://www.cs.columbia.edu/~mcollins/courses/nlp2011/notes/pcfgs.pdf}},
}

@article{parseval,
  title={A procedure for quantitatively comparing the syntactic coverage of English grammars},
  author={Black, Ezra and Abney, Steve and Flickinger, Dan and Gdaniec, Claudia and Grishman, Ralph and Harrison, Phil and Hindle, Don and Ingria, Robert and Jelinek, Fred and Klavans, J. and Liberman, Mark and Marcus, Mitch and Roukos, S. and Santorini, B. and Strzalkowski, Tomek},
  year={1991},
  publisher={the Workshop on Speech and Natural Language pages 306–311}
}
